% This file was created with JabRef 2.10.
% Encoding: UTF-8


@Article{Bailer1994,
  Title                    = {Assessing toxicity of pollutants in aquatic systems},
  Author                   = {Bailer, A.J. and Oris, J.T},
  Journal                  = {In Case Studies in Biometry},
  Year                     = {1994},
  Pages                    = {25--40},

  Owner                    = {eduardo},
  Timestamp                = {2017.03.29}
}

@Article{Pregibon1984,
  Title                    = {Review: {P}. {M}c{C}ullagh, {J}. {A}. {N}elder, Generalized Linear Models"},
  Author                   = {Pregibon, Daryl},
  Journal                  = {The Annals of Statistics},
  Year                     = {1984},
  Number                   = {4},
  Pages                    = {1589--1596},
  Volume                   = {12},

  Owner                    = {eduardo},
  Timestamp                = {2018.03.08}
}

@Manual{Rcore2017,
  Title                    = {R: A Language and Environment for Statistical Computing},

  Address                  = {Vienna, Austria},
  Author                   = {{R CORE TEAM}},
  Organization             = {R Foundation for Statistical Computing},
  Year                     = {2017},

  Owner                    = {eduardo},
  Timestamp                = {2017.02.16}
}

@Article{RibeiroJr2018,
  Title                    = {Reparametrization of {COM}-{P}oisson Regression Models with Applications in the Analysis of Experimental Data},
  Author                   = {Ribeiro{ }Jr, Eduardo E. and Zeviani, Walmes M. and Bonat, Wagner H. and Dem\'{e}trio, Clarice G. B. and Hinde, John},
  Journal                  = {arXiv (Statistics Applications and Statistics Methodology)},
  Year                     = {2018},

  Owner                    = {eduardo},
  Timestamp                = {2018.02.01}
}

@Article{Shmueli2005,
  Title                    = {{A useful distribution for fitting discrete data: Revival of the {C}onway-{M}axwell-{P}oisson distribution}},
  Author                   = {Shmueli, Galit and Minka, Thomas P. and Kadane, Joseph B. and Borle, Sharad and Boatwright, Peter},
  Journal                  = {Journal of the Royal Statistical Society. Series C: Applied Statistics},
  Year                     = {2005},
  Number                   = {1},
  Pages                    = {127--142},
  Volume                   = {54},

  Owner                    = {eduardo},
  Timestamp                = {2017.03.29}
}

@Article{Smyth1988,
  Title                    = {Generalized Linear Models with Varying Dispersion},
  Author                   = {Smyth, G. K.},
  Journal                  = {Journal of the Royal Statistical Society. Series B (Methodology)},
  Year                     = {1988},
  Number                   = {1},
  Pages                    = {47--60},
  Volume                   = {51},

  Owner                    = {eduardo},
  Timestamp                = {2018.03.08}
}

